@book{侯捷2002SGI,
	title={SGI STL源码剖析},
	author={侯捷},
	publisher={华中科技大学出版社},
	year={2002},
}

@online{12,
title = {Allocator (C++) https://en.wikipedia.org/wiki/Allocator_(C++)},
ALTauthor = {WIKI},
url = {https://en.wikipedia.org/wiki/Allocator_(C++)},
}
